@Article{Alberty1998,
  author={J. Alberty and C. Carstensen and S. A. Funken},
  title={Remarks around 50 lines of MATLAB: Short Finite Element Implementation},
  journal={Numerical Algorithms},
  year={1998},
  month={Feb},
  day={12}
}

@book{Schweizer2013,
  author = {Ben Schweizer},
  title = {Partielle Differentialgleichungen: Eine anwendungsorientierte Einf√ºhrung},
  year = {2013},
  publisher = {Springer Spektrum}
}

@book{Sanders2011,
  author = {Jason Sanders and Edward Kandrot},
  title = {CUDA by Example: An Introduction to General-purpose GPU Programming},
  year = {2011},
  publisher = {Addison Wesley},
  isbn = {978-0-13-138768-3}
}

@book{Stroustrup2014,
  author = {Bjarne Stroustrup},
  title = {The C++ Programming Language},
  edition = {4.},
  year = {2014},
  publisher = {Addison Wesley},
  isbn = {978-0-321-95832-7}
}

@book{Logan2007,
  author = {Daryl L. Logan},
  title = {A First Course in the Finite Element Method},
  edition = {4.},
  year = {2007},
  publisher = {Thomson},
  isbn = {0-534-55298-6}
}

@book{Cheney2008,
  author = {Ward Cheney and David Kincaid},
  title = {Numerical Mathematics and Computing},
  edition = {6.},
  year = {2008},
  publisher = {Thomson},
  isbn = {978-0-495-11475-8}
}

@book{Quarteroni2000,
  author = {Alfio Quarteroni and Riccardo Sacco and Fausto Saleri},
  title = {Numerical Mathematics},
  year = {2000},
  publisher = {Springer},
  isbn = {0-387-98959-5}
}

@book{Patterson2011,
  author = {David A. Patterson and John L. Hennessy},
  title = {Computer Organization and Design: The Hardware/Software Interface},
  edition = {4.},
  year = {2011},
  publisher = {Morgan Kaufmann},
  isbn = {9780123747501}
}

@book{Kirk2010,
  author = {David B. Kirk and Wen-mei W. Hwu},
  title = {Programming Massively Parallel Processors: A Hands-on Approach},
  year = {2010},
  publisher = {Morgan Kaufmann},
  isbn = {9780123814722}
}